<?xml version="1.0" encoding="UTF-8"?><record xmlns="http://www.loc.gov/MARC21/slim" xmlns:cinclude="http://apache.org/cocoon/include/1.0" xmlns:zs="http://www.loc.gov/zing/srw/">
  <leader>00961cz  a2200205n  4500</leader>
  <controlfield tag="001">no2006044259</controlfield>
  <controlfield tag="003">DLC</controlfield>
  <controlfield tag="005">20120816082939.0</controlfield>
  <controlfield tag="008">060502n| acannaabn          |a ana     c</controlfield>
  <datafield tag="010" ind1=" " ind2=" ">
    <subfield code="a">no2006044259</subfield>
  </datafield>
  <datafield tag="035" ind1=" " ind2=" ">
    <subfield code="a">(OCoLC)oca06927040</subfield>
  </datafield>
  <datafield tag="040" ind1=" " ind2=" ">
    <subfield code="a">WaU</subfield>
    <subfield code="b">eng</subfield>
    <subfield code="c">WaU</subfield>
    <subfield code="d">HkUST</subfield>
    <subfield code="d">DLC</subfield>
  </datafield>
  <datafield tag="111" ind1="2" ind2=" ">
    <subfield code="a">IEEE International Conference on Ultra-Wideband</subfield>
  </datafield>
  <datafield tag="411" ind1="2" ind2=" ">
    <subfield code="a">Conference on Ultra-Wideband, IEEE International</subfield>
  </datafield>
  <datafield tag="411" ind1="2" ind2=" ">
    <subfield code="a">ICU</subfield>
  </datafield>
  <datafield tag="411" ind1="2" ind2=" ">
    <subfield code="a">ICUWB</subfield>
  </datafield>
  <datafield tag="411" ind1="2" ind2=" ">
    <subfield code="a">International Conference on Ultra-Wideband, IEEE</subfield>
  </datafield>
  <datafield tag="667" ind1=" " ind2=" ">
    <subfield code="a">THIS 1XX FIELD CANNOT BE USED UNDER RDA UNTIL THIS RECORD HAS BEEN REVIEWED AND/OR UPDATED</subfield>
  </datafield>
  <datafield tag="670" ind1=" " ind2=" ">
    <subfield code="a">Electronic reproduction/ICU 2005, c2005:</subfield>
    <subfield code="b">t.p. (2005 IEEE International Conference on Ultra-Wideband, Swiss Federal Institute of Technology, Zurich, Switzerland, September 5-8, 2005)</subfield>
  </datafield>
  <datafield tag="670" ind1=" " ind2=" ">
    <subfield code="a">ICUWB 2006 ultra-wideband, c2006:</subfield>
    <subfield code="b">t.p. (The 2006 IEEE International Conference on Ultra-Wideband, Westin Hotel, Waltham, MA, 24-27 September 2006)</subfield>
  </datafield>
</record>